@article{Liben-Nowell-2007,
  author    = {David Liben-Nowell and Jon Kleinberg},
  title     = {The Link Prediction Problem for Social Networks},
  journal   = {Journal of the American Society for Information Science Technology},
  volume    = {58},
  number    = {7},
  year      = {2007},
  pages     = {1019â€“1031},
}

@book{Han-2012,
  author    = {Jiawei Han and Micheline Kamber and Jian Pei},
  title     = {Data Mining Concepts and Techniques},
  year      = {2012},
  edition   = {3rd},
  publisher = {Morgan Kaufmann}
}

@inproceedings{Agrawal-1994,
  author    = {Rakesh Agrawal and Ramakrishnan Srikant},
  title     = {Fast algorithms for mining association rules},
  booktitle = {Proceedings of the International Conference on Very Large Databases},
  year      = {1994},
  pages     = {487-499},
  publisher = {ACM Press}
}

@article{Chuas,
    author = {Leon Chua and Motomasa Komuro and Takashi Matsumoto},
    title = {The double scroll family, parts I and II},
    journal = {IEEE Trans. Circuits and Systems-I},
    year = {1986},
    volume = {33},
    pages = {1072--1118}
}

@article{unfolding,
  author = {Ladislav Pivka and Chai Wah Wu and Anshan Huang},
  title = {Chua's oscillator: A compendium of chaotic phenomena},
  journal = {Journal of the Franklin Institute},
  year = {1994},
  volume = {331},
  number = {6},
  pages = {705 - 741}
}


@article{Cuomo, 
  author={Cuomo, K.M. and Oppenheim, A.V. and Strogatz, Steven H.}, 
  journal={Circuits and Systems II: Analog and Digital Signal Processing, IEEE Transactions on}, 
  title={Synchronization of Lorenz-based chaotic circuits with applications to communications}, 
  year={1993}, 
  volume={40}, 
  pages={626-633},
}

@article{Colet, 
  author = {Pere Colet and Rajarshi Roy}, 
  journal = {Opt. Lett.}, 
  pages = {2056--2058}, 
  title = {Digital communication with synchronized chaotic lasers}, 
  volume = {19}, 
  year = {1994}
}

@article{Alvarez,
    author = {Gonzalo Alvarez and Shujun Li},
    title = {Some basic cryptographic requirements for chaos-based cryptosystems},
    journal = {International Journal of Bifurcation and Chaos},
    year = {2006},
    volume = {16},
    pages = {2129--2151}
}

@article{Perez,
  title = {Extracting Messages Masked by Chaos},
  author = {P\'erez, Gabriel and Cerdeira, Hilda A.},
  journal = {Phys. Rev. Lett.},
  volume = {74},
  pages = {1970--1973},
  year = {1995}
}


@article{Yang, 
author={Tao Yang and Lin-Bao Yang and Chun-Mei Yang}, 
journal={Circuits and Systems I: Fundamental Theory and Applications, IEEE Transactions on}, 
title={Breaking chaotic switching using generalized synchronization: examples}, 
year={1998}, 
volume={45}, 
pages={1062-1067}
}

@article{Yang2,
title = "Breaking chaotic secure communication using a spectrogram ",
journal = "Physics Letters A ",
volume = "247",
pages = "105 - 111",
year = "1998",
author = "Tao Yang and Lin-Bao Yang and Chun-Mei Yang"
}

@article{Short,
  title = {Unmasking a hyperchaotic communication scheme},
  author = {Short, Kevin M. and Parker, Andrew T.},
  journal = {Phys. Rev. E},
  volume = {58},
  pages = {1159--1162},
  year = {1998}
}

@incollection{Kocarev,
year={2011},
booktitle={Chaos-Based Cryptography},
volume={354},
series={Studies in Computational Intelligence},
editor={Kocarev, Ljupco and Lian, Shiguo},
title={Hardware Implementation of Chaos Based Cipher: Design of Embedded Systems for Security Applications},
publisher={Springer Berlin Heidelberg},
author={Tanougast, Camel},
pages={297-330}
}

@article{Argyris,
  title = {Chaos-based communications at high bit rates using commercial fibre-optic links},
  author = {Argyris, A., Syvridis, D.  Larger, L. Annovazzi-Lodi, V. Colet, P. Fischer, I. Garcia-Ojalvo, J. Mirasso, C. Pesquera, L. Shore, K.},
  journal = {Nature},
  volume = {58},
  pages = {343--346},
  year = {2005}
}

@article{AshwinSync,
  title = {On the chaos synchronization phenomena},
  author = {Femat, R. Solis-Perales, G.},
  journal = {Physics Letters A},
  volume = {262},
  pages = {50--60},
  year = {1999}
}

@article{masking,
author = {Kocarev, Lj. and Halle, K. S. and Eckert, K. and Chua, L. O. and Parlitz, U.},
title = {Experimental Demonstration of Securre Communications via Chaotic Synchronization},
journal = {International Journal of Bifurcation and Chaos},
volume = {02},
number = {03},
pages = {709-713},
year = {1992}
}

@article{modulation,
author = {Parlitz, U. and Chua, L.O. and Kocarev, Lj. and Halle, K.S. and Shang, A.},
title = {Transmission of Digital Signals by Chaotic Synchronization},
journal = {International Journal of Bifurcation and Chaos},
volume = {02},
number = {04},
pages = {973-977},
year = {1992}
}

@article{chuasync,
author = {Chua, L. O. and Itoh, M. and Kocarev, L. and Eckert, K.},
title = {Chaos Synchronization in Chuas Circuit},
journal = {Journal of Circuits, Systems and Computers},
volume = {03},
number = {01},
pages = {93-108},
year = {1993}
}

