
%% Created for Juan Sebastian Rincon at 2017-05-17 21:15:35 -0500 


%% Saved with string encoding Unicode (UTF-8) 



@webpage{fips-197,
	Date-Added = {2015-10-09 00:28:03 +0000},
	Date-Modified = {2015-10-09 00:29:37 +0000},
	Keywords = {AES},
	Lastchecked = {September 2015},
	Month = {November},
	Url = {http://csrc.nist.gov/publications/fips/fips197/fips-197.pdf},
	Year = {2001},
	Bdsk-Url-1 = {http://csrc.nist.gov/publications/fips/fips197/fips-197.pdf}}

@book{Kocarev-book,
	Address = {Berlin},
	Author = {Kocarev, Ljupco and Lian, Shiguo},
	Date-Added = {2015-05-12 20:56:39 +0000},
	Date-Modified = {2015-05-12 21:02:45 +0000},
	Publisher = {Springer},
	Title = {Chaos-Based Cryptography: Theory, Algorithms and Applications},
	Year = {2011}}

@misc{TaylorPatent,
	Author = {Remy, Brian and Bryant, Michael D and Fern\'andez, Benito R and Yan, Shouli and others},
	Date-Added = {2015-05-09 14:35:37 +0000},
	Date-Modified = {2015-05-09 14:35:49 +0000},
	Month = nov # {~18},
	Note = {US Patent 7,454,450},
	Publisher = {Google Patents},
	Title = {Mixed-signal system for performing Taylor series function approximations},
	Year = {2008}}

@misc{XDpatent,
	Author = {Fern\'andez, Benito R and Wu, Zhaohong},
	Date-Added = {2015-05-09 14:33:04 +0000},
	Date-Modified = {2015-05-09 14:33:15 +0000},
	Month = sep # {~14},
	Note = {US Patent 7,796,075},
	Publisher = {Google Patents},
	Title = {Method and apparatus for internally calibrating mixed-signal devices},
	Year = {2010}}

@misc{HxCpatent,
	Author = {Bryant, Michael and Seth, Ashish and Fern\'andez, Benito and others},
	Date-Added = {2015-05-09 14:23:46 +0000},
	Date-Modified = {2015-05-09 14:24:33 +0000},
	Month = jun # {~30},
	Note = {US Patent 7,555,507},
	Publisher = {Google Patents},
	Title = {Apparatus for solving differential equations},
	Year = {2009}}

@article{HxC2002paper,
	Author = {Bryant, Michael D and Yan, Shouli and Tsang, Robin and Fern\'andez, Benito and Kumar, K Kiran},
	Date-Added = {2015-05-09 14:23:46 +0000},
	Date-Modified = {2015-05-09 14:25:08 +0000},
	Journal = {Circuits and Systems I: Regular Papers, IEEE Transactions on},
	Number = {7},
	Pages = {1409--1417},
	Publisher = {IEEE},
	Title = {A Mixed Signal (Analog-Digital) Integrator Design},
	Volume = {59},
	Year = {2012}}

@incollection{Kocarev11,
	Author = {Solev, Dimitar and Janjic, Predrag and Kocarev, Ljupco},
	Booktitle = {Chaos-Based Cryptography},
	Doi = {10.1007/978-3-642-20542-2_1},
	Editor = {Kocarev, Ljupco and Lian, Shiguo},
	Isbn = {978-3-642-20541-5},
	Language = {English},
	Pages = {1-25},
	Publisher = {Springer Berlin Heidelberg},
	Series = {Studies in Computational Intelligence},
	Title = {Introduction to Chaos},
	Url = {http://dx.doi.org/10.1007/978-3-642-20542-2_1},
	Volume = {354},
	Year = {2011},
	Bdsk-Url-1 = {http://dx.doi.org/10.1007/978-3-642-20542-2_1}}

@misc{CHECKpatent,
	Author = {Benito Fernandez-Rodriguez and Jose Capriles Grane and Michael Bryant and Carlos Garcia and John Hall},
	Date-Added = {2015-12-03 20:54:14 +0000},
	Date-Modified = {2017-05-18 02:15:00 +0000},
	Title = {Hybrid Encryption Apparatus and Method},
	Year = {2015}}

@url{UTinnovation,
	Date-Added = {2015-12-03 20:45:59 +0000},
	Date-Modified = {2015-12-04 00:06:09 +0000},
	Title = {http://www.engr.utexas.edu/innovation}}

@url{CID,
	Author = {https://identity.utexas.edu/},
	Date-Added = {2015-12-03 20:44:54 +0000},
	Date-Modified = {2015-12-03 20:45:03 +0000}}

@article{moshopoulos2000survey,
	Author = {Moshopoulos, Nikosand and Chaniotakis, Eleftherios},
	Date-Added = {2015-05-13 01:46:48 +0000},
	Date-Modified = {2015-05-13 01:48:23 +0000},
	Journal = {HeroonPolytehneiou},
	Keywords = {National Technical University of Athens, Electrical & Computer Engineering Department},
	Number = {15773},
	Title = {A Survey of Cryptography Algorithms--Trends and Products},
	Volume = {9},
	Year = {2000}}

@article{penchalaiah2010effective,
	Author = {Penchalaiah, N and Seshadri, R},
	Date-Added = {2015-05-13 01:13:59 +0000},
	Date-Modified = {2015-05-13 01:13:59 +0000},
	Journal = {International Journal on Computer Science and Engineering},
	Number = {05},
	Pages = {1641--1645},
	Publisher = {Citeseer},
	Title = {Effective Comparison and evaluation of DES and Rijndael Algorithm (AES)},
	Volume = {2},
	Year = {2010}}

@article{kaur2015survey,
	Author = {Kaur, Navjeet},
	Date-Added = {2015-05-13 01:10:44 +0000},
	Date-Modified = {2015-05-13 01:10:44 +0000},
	Journal = {IJCSNS},
	Number = {3},
	Pages = {57},
	Title = {A Survey on Online Banking System Attacks and its Countermeasures},
	Volume = {15},
	Year = {2015}}

@article{al2013survey,
	Author = {Al Hadi, Abdul Hai},
	Date-Added = {2015-05-13 01:07:06 +0000},
	Date-Modified = {2015-05-13 01:07:06 +0000},
	Title = {A Survey On Some Encryption Algorithms And Verification Of RSA Technique},
	Year = {2013}}

@phdthesis{kandola2013survey,
	Author = {Kandola, Shelley},
	Date-Added = {2015-05-12 23:13:03 +0000},
	Date-Modified = {2015-05-12 23:13:03 +0000},
	School = {St. Lawrence University},
	Title = {A Survey of Cryptographic Algorithms},
	Year = {2013}}

@article{liu2010survey,
	Author = {Liu, Fuwen and Koenig, Hartmut},
	Date-Added = {2015-05-12 23:12:36 +0000},
	Date-Modified = {2015-05-12 23:12:36 +0000},
	Journal = {computers \& security},
	Number = {1},
	Pages = {3--15},
	Publisher = {Elsevier},
	Title = {A survey of video encryption algorithms},
	Volume = {29},
	Year = {2010}}

@webpage{AES:FRC,
	Author = {Chown, P.},
	Date-Added = {2015-05-12 22:55:30 +0000},
	Date-Modified = {2015-05-12 22:57:14 +0000},
	Keywords = {RFC 3268, DOI 10.17487/RFC3268},
	Lastchecked = {2015-02-09},
	Month = {June},
	Title = {Advanced Encryption Standard (AES) Ciphersuites for Transport Layer Security (TLS)},
	Url = {http://www.rfc-editor.org/info/rfc3268},
	Year = {2002},
	Bdsk-Url-1 = {http://www.rfc-editor.org/info/rfc3268}}

@webpage{AES-CBC:RFC,
	Author = {Frankel, S. and Glenn, R. and S. Kelly},
	Date-Added = {2015-05-12 22:52:07 +0000},
	Date-Modified = {2015-05-12 22:54:34 +0000},
	Keywords = {RFC 3602, DOI 10.17487/RFC3602,},
	Lastchecked = {2015-02-09},
	Month = {September},
	Title = {The AES-CBC Cipher Algorithm and Its Use with IPsec},
	Url = {http://www.rfc-editor.org/info/rfc3602},
	Year = {2003},
	Bdsk-Url-1 = {http://www.rfc-editor.org/info/rfc3602}}

@electronic{ZRTP:RFC6189,
	Author = {Zimmermann, P. and Johnston, A.},
	Date-Added = {2015-05-12 22:42:57 +0000},
	Date-Modified = {2015-05-12 22:44:23 +0000},
	Keywords = {Ed., and J. Callas, DOI 10.17487/RFC6189},
	Title = {ZRTP: Media Path Key Agreement for Unicast Secure RTP},
	Url = {http://www.rfc-editor.org/info/rfc6189},
	Urldate = {April 2011},
	Bdsk-Url-1 = {http://www.rfc-editor.org/info/rfc6189}}

@webpage{IETF:webpage,
	Date-Added = {2015-05-12 22:39:28 +0000},
	Date-Modified = {2015-05-12 22:40:10 +0000},
	Keywords = {The Internet Engineering Task Force},
	Lastchecked = {2015-02-13},
	Url = {http://www.ietf.org},
	Bdsk-Url-1 = {http://www.ietf.org}}

@misc{Nakahara:IDEA,
	Author = {Jorge Nakahara and Jr. and Bart Preneel and Joos Vandewalle and Joos V},
	Date-Added = {2015-05-12 22:35:59 +0000},
	Date-Modified = {2015-05-12 22:39:24 +0000},
	Title = {A note on Weak Keys of PES, IDEA and some Extended Variants},
	Year = {2002}}

@book{ZRTP,
	Author = {P. Zimmermann and A. Johnston},
	Date-Added = {2015-05-12 22:20:43 +0000},
	Date-Modified = {2015-05-12 22:23:08 +0000},
	Edition = {Zfone Project},
	Editor = {Avaya J. Callas},
	Keywords = {Internet Engineering Task Force (IETF) ISSN: 2070-1721},
	Publisher = {Apple, Inc.},
	Title = {ZRTP: Media Path Key Agreement for Unicast Secure RTP},
	Year = {April 2011}}

@book{Schneier:book,
	Address = {New York},
	Author = {Schneier, Bruce},
	Date-Added = {2015-05-12 22:07:11 +0000},
	Date-Modified = {2015-05-12 22:07:31 +0000},
	Isbn = {0471117099},
	Publisher = {Wiley},
	Title = {Applied cryptography : protocols, algorithms, and source code in C},
	Year = {1996}}

@misc{RAS:patent,
	Author = {Rivest, R.L. and Shamir, A. and Adleman, L.M.},
	Date-Added = {2015-05-12 22:03:46 +0000},
	Date-Modified = {2015-05-12 22:03:46 +0000},
	Month = September,
	Note = {US Patent 4,405,829},
	Publisher = {Google Patents},
	Title = {Cryptographic communications system and method},
	Url = {http://www.google.com/patents/US4405829},
	Year = {1983},
	Bdsk-Url-1 = {http://www.google.com/patents/US4405829}}

@book{Menezes:Handbook,
	Author = {Menezes, Alfred and van Oorschot, Paul C. and Vanstone, Scott A.},
	Date-Added = {2015-05-12 21:58:43 +0000},
	Date-Modified = {2015-05-12 21:59:47 +0000},
	Month = {October},
	Publisher = {CRC Press},
	Title = {Handbook of Applied Cryptography},
	Year = {1996}}

@book{AES:book,
	Author = {Joan Daemen and Vincent Rijmen},
	Date-Added = {2015-05-12 21:48:34 +0000},
	Date-Modified = {2015-05-12 21:49:47 +0000},
	Publisher = {Springer},
	Title = {The Design of Rijndael: AES -- The Advanced Encryption Standard},
	Year = {2002}}

@webpage{AES,
	Author = {Federal Information Processing Standards Publications 197},
	Date-Added = {2015-05-12 21:43:51 +0000},
	Date-Modified = {2015-05-13 23:56:49 +0000},
	Month = {November},
	Title = {ADVANCED ENCRYPTION STANDARD (AES)},
	Url = {http://csrc.nist.gov/publications/fips/fips197/fips-197.pdf},
	Year = {2001},
	Bdsk-Url-1 = {http://csrc.nist.gov/publications/fips/fips197/fips-197.pdf}}

@webpage{Chua:webpage,
	Date-Added = {2015-05-12 21:13:39 +0000},
	Date-Modified = {2015-05-12 21:14:32 +0000},
	Lastchecked = {2014-11-7},
	Month = {11},
	Url = {http://www.chuacircuits.com/},
	Year = {2014},
	Bdsk-Url-1 = {http://www.chuacircuits.com/}}

@book{PGP,
	Author = {Garfinkel, Simson},
	Date-Added = {2015-05-12 21:11:38 +0000},
	Date-Modified = {2015-05-13 01:57:23 +0000},
	Publisher = {O'Reilly Media},
	Title = {PGP: Pretty Good Privacy},
	Year = {1994}}

@webpage{NIST:DRBG,
	Date-Added = {2015-05-12 21:06:59 +0000},
	Date-Modified = {2015-05-12 21:08:42 +0000},
	Lastchecked = {2015-03-13},
	Month = {12},
	Url = {https://nakedsecurity.sophos.com/2013/12/22/the-openssl-software-bug-that-saves-you-from-surveillance},
	Year = {2013},
	Bdsk-Url-1 = {https://nakedsecurity.sophos.com/2013/12/22/the-openssl-software-bug-that-saves-you-from-surveillance}}

@book{Ashby:book,
	Address = {NY},
	Author = {Ashby, W.R.},
	Date-Added = {2015-05-09 15:38:04 +0000},
	Date-Modified = {2015-05-09 15:39:21 +0000},
	Publisher = {John Wiley \& Sons},
	Title = {Design For A Brain},
	Year = {1960}}

@book{Kreyszig93,
	Address = {New York, NY},
	Author = {Erwin Kreyszig},
	Edition = {seventh},
	Pages = {27--31},
	Publisher = {Wiley},
	Title = {Advanced Engineering Mathematics},
	Year = {1993}}

@book{Chapra88,
	Address = {New York, NY},
	Author = {Steven C. Chapra and Raymond P. Canale},
	Edition = {second},
	Publisher = {McGraw Hill},
	Title = {Numerical Methods for Engineers},
	Year = 1988}

@book{Floyd02,
	Address = {Upper Saddle River, NJ},
	Author = {Thomas L. Floyd},
	Edition = {fourth},
	Publisher = {Prentice-Hall},
	Title = {Electronic Devices, Electron Flow Version},
	Year = 2002}

@book{Meiksin84,
	Address = {New York, NY},
	Author = {Z. H. Meiksin and P. C. Thackray},
	Comment = {Op-Amp Design and practical circuit analysis},
	Edition = {second},
	Publisher = {Prentice Hall, Inc.},
	Title = {Electronic Design with Off the Shelf Integrated Circuits},
	Year = 1984}

@book{Coughlin87,
	Addresss = {New York, NY},
	Author = {R. F. Coughlin and F. F. Driscoll},
	Comment = {Op-Amp Design and practical circuit analysis},
	Edition = {third},
	Publisher = {MacMillan, Inc.},
	Title = {Operational Amplifiers and Linear Integrated Circuits},
	Year = 1987}

@book{Gibson89,
	Address = {New York, New York},
	Author = {Jerry D. Gibson},
	Comment = {Shannon's theorems and channel capacity},
	Publisher = {Macmillan},
	Title = {Principles of Digital and Analog Communications},
	Year = {1989}}

@book{Stanley02,
	Address = {Upper Saddle River, NJ},
	Author = {William. D. Stanley},
	Comment = {Op-Amp Design and practical circuit analysis},
	Edition = {fourth},
	Pages = {216--231},
	Publisher = {Prentice Hall, Inc.},
	Title = {Operational Amplifiers with Linear Integrated Circuits},
	Year = 2002}

@book{Siliconix90,
	Address = {New York, NY},
	Author = {Siliconix, Inc.},
	Comment = {use of FETs in cirucits},
	Edition = {second},
	Publisher = {McGraw-Hill},
	Title = {Designing with Field Effect Transistors},
	Year = 1990}

@book{Razavi01,
	Addresss = {Boston, MA},
	Author = {Behzad Razavi},
	Comment = {CMOS Op-Amp Design and practical circuit analysis},
	Publisher = {McGraw-Hill},
	Title = {Design of Analog CMOS and Integrated Circuits},
	Year = 2001}

@book{Baker05,
	Addresss = {Piscataway, NJ},
	Author = {R. Jacob Baker},
	Comment = {CMOS Op-Amp Design and practical circuit analysis},
	Edition = {second},
	Publisher = {IEEE and Wiley, Inc.},
	Title = {CMOS Circuit Design, Layout, and Simulation},
	Year = 2005}

@book{Johns97,
	Addresss = {New York, NY},
	Author = {David A. Johns and Ken Martin},
	Comment = {Op-Amp Design and practical circuit analysis},
	Publisher = {Wiley, Inc.},
	Title = {Analog Integrated Circuit Design},
	Year = 1997}

@book{Schaumann2010,
	Addresss = {New York, NY},
	Author = {Rolf Schaumann and Haiqiao Xiao and Mac E. Van Valkenburg},
	Comment = {analog filters and Design},
	Edition = {second},
	Publisher = {Oxford University Press},
	Title = {Design of Analog Filters},
	Year = 2010}

@article{Tsividis98,
	Author = {Yannis P. Tsividis},
	Comment = {nonlinear operations before & after integration},
	Journal = {IEEE Transactions on Circuits and Systems-II: Analog and Digital Signal Processing},
	Number = 9,
	Pages = {1181--1187},
	Title = {Externally Linear Integrators},
	Volume = 45,
	Year = 1998}

@article{Tavares66,
	Author = {S.E. Tavares},
	Comment = {nonlinear operations before & after integration},
	Journal = {IEEE Transactions on Instrumentation and Measurements},
	Number = 1,
	Pages = {33--38},
	Title = {A comparison of Integration and Low -Pass Filtering},
	Volume = 15,
	Year = 1966}

@article{Geiger82,
	Author = {R.L. Geiger and G. R. Bailey},
	Journal = {IEEE Transactions on Circuits and Systems},
	Number = 9,
	Pages = {595--603},
	Title = {Integrator Design for High-Frequency Active Filter Applications},
	Volume = 29,
	Year = 1982}

@inproceedings{Georgantas93,
	Author = {T. Georgantas and Y. Papananos and Yannis Tsividis},
	Booktitle = {Proceedings of 1993 IEEE International Symposium On Circuits And Systems},
	Month = {May},
	Organization = {IEEE},
	Pages = {1259--1262},
	Title = {A comparative study of five integrator structures for monolithic continuous-time - A Tutorial},
	Volume = 2,
	Year = 1993}

@article{Cowan06,
	Author = {Glenn E. R. Cowan and Robert C. Melville and Yannis P. Tsividis},
	Comment = {miniature analog computer},
	Journal = {IEEE Journal of Solid State Circuits},
	Number = 1,
	Pages = {42--53},
	Title = {A VLSI Analog Computer/Digital Computer Accelerator},
	Volume = 41,
	Year = 2006}

@inproceedings{Tsividis04,
	Author = {Yannis P. Tsividis},
	Booktitle = {IEEE ICAS 2004},
	Organization = {IEEE},
	Pages = {I 157-160},
	Title = {Mixing Domains in Signal Processing},
	Year = 2004}

@inproceedings{Tsividis05,
	Address = {Grenoble, France},
	Author = {Yannis Tsividis and Glenn Cowan and Yee W. Li and Ken Shepard},
	Booktitle = {Proceedings of ESSCIRC},
	Organization = {IEEE},
	Pages = {113-166},
	Title = {Continuous Time DSPs, Analog/Digital Computers and Other Mixed-Domain Circuits},
	Year = 2005}

@inproceedings{Hoseini03,
	Author = {Hashem Zare-Hoseini and Mohammad Yavari and Omid Shoaei},
	Booktitle = {Proceedings of the 2003 10th IEEE International Conference on Electronics, Circuits and Systems},
	Month = {December},
	Organization = {IEEE},
	Pages = {802-805},
	Title = {A very low-noise low-power integrator for high-resolution /spl Delta//spl Sigma/ modulators},
	Volume = 2,
	Year = 2003}

@inproceedings{Fragoulis00,
	Author = {N. Fragoulis and I. Haritantis and A. G. Constantinides},
	Booktitle = {Proceedings of the 2000 IEEE International Symposium on Circuits and Systems},
	Month = {May},
	Organization = {IEEE},
	Pages = {409 - 412},
	Title = {Active filter synthesis based on tuneable log-domain lossy integrators},
	Volume = 5,
	Year = 2000}

@article{Shim05,
	Author = {Jae Hoon Shim and In-Cheol Park and Beomsup Kim},
	Comment = {hybrid integrator for delta sigma modulator},
	Date-Modified = {2015-05-12 22:59:53 +0000},
	Journal = {IEEE Transactions on Circuits and Systems-I:Regular Papers},
	Month = {May},
	Number = 5,
	Pages = {885--893},
	Title = {Hybrid Sigma Delta modulators with adaptive calibration},
	Volume = 52,
	Year = 2005}

@article{Koli97,
	Author = {K. Koli and K. Halonen},
	Comment = {integrator in filter},
	Journal = {IEEE Journal of Solid State Circuits},
	Number = 2,
	Pages = {238--244},
	Title = {A fully differential class-AB switched-current integrator for signal processing},
	Volume = 32,
	Year = 1997}

@article{Celma99,
	Author = {S. Celma and J. Sabadell and C. Aldea and P.A. Martinez},
	Comment = {cmos integrator for video},
	Journal = {Electronics Letters},
	Month = {May},
	Number = 10,
	Organization = {IEE},
	Pages = {773--337},
	Title = {Video-frequency current-voltage mode integrator},
	Volume = 35,
	Year = 1999}

@article{Panovic06,
	Author = {Mladen Panovic and Andreas Demosthenous},
	Comment = {mixed signal motion estimator},
	Journal = {IEEE Transactions on Circuits and Systems II: Express Briefs},
	Month = {June},
	Number = 6,
	Organization = {IEEE},
	Pages = {492--496},
	Title = {Motion estimation processor using mixed-signal approach},
	Volume = 53,
	Year = 2006}

@article{Lang2000,
	Author = {George Fox Lang},
	Comment = {magazine article reviews analog computer},
	Journal = {Sound and Vibration magazine},
	Month = {August},
	Organization = {IEEE},
	Pages = {16--24},
	Title = {Analog was not a computer trademark},
	Year = 2000}

@inproceedings{Ucar03,
	Address = {Geneva, Switzerland},
	Author = {A. Ucar},
	Booktitle = {IEE Proceedings on Circuits, Devices and Systems},
	Month = {Feb},
	Number = 1,
	Organization = {IEE},
	Pages = {31--37},
	Title = {Bounding integrator output of sigma-delta modulator by time delay feedback control},
	Volume = 150,
	Year = 2003}

@inproceedings{Ganesan01,
	Author = {S. Ganesan and R. Vemuri},
	Booktitle = {Proceedings of 2001 Conference on Advanced Research in VLSI},
	Month = {Mar},
	Number = 1,
	Organization = {IEEE},
	Pages = {172--185},
	Title = {Analog-digital partitioning for field-programmable mixed signal systems},
	Volume = 150,
	Year = 2001}

@inproceedings{Kelly00,
	Address = {San Francisco, CA},
	Author = {N. Patrick Kelly and Daniel L. Ray and David W. Vogel},
	Booktitle = {2000 IEEE International Solid-State Circuits Conference},
	Month = {Feb},
	Number = 1,
	Organization = {IEEE},
	Pages = {310--311},
	Title = {A mixed-signal DFE/FFE receiver for 100Base-TX applications},
	Volume = 150,
	Year = 2000}

@inproceedings{Moreira98,
	Address = {Lisboa, CA},
	Author = {J.P. Moreira and C.J.M. Verhoeven},
	Booktitle = {1998 IEEE International Conference on Electronics, Circuits and Systems},
	Month = {Sept},
	Organization = {IEEE},
	Pages = {153--156},
	Title = {Implementation of maximum dynamic range integrators},
	Volume = 1,
	Year = 1998}

@inproceedings{Dowlatabadi97,
	Address = {Lisboa, CA},
	Author = {Ahmad Baghai Dowlatabadi},
	Booktitle = {Proceedings of the 40th Midwest Symposium on Circuits and Systems},
	Month = {Aug},
	Organization = {IEEE},
	Pages = {47--50},
	Title = {Challenges in CMOS mixed-signal designs for analog circuit designers},
	Volume = 1,
	Year = 1997}
